
@article{abramowitz2008,
  title = {Is Polarization a Myth?},
  author = {Abramowitz, Alan I and Saunders, Kyle L},
  year = {2008},
  volume = {70},
  pages = {542--555},
  publisher = {{Cambridge University Press New York, USA}},
  journal = {The Journal of Politics},
  number = {2}
}

@book{abramowitz2010,
  title = {The Disappearing Center: Engaged Citizens, Polarization, and American Democracy},
  author = {Abramowitz, Alan},
  year = {2010},
  publisher = {{Yale University Press}}
}

@book{achen2017,
  title = {Democracy for Realists: Why Elections Do Not Produce Responsive Government},
  author = {Achen, Christopher H and Bartels, Larry M},
  year = {2017},
  volume = {4},
  publisher = {{Princeton University Press}}
}

@article{adams2012,
  title = {Who Moves? {{Elite}} and Mass-Level Depolarization in Britain, 1987\textendash 2001},
  author = {Adams, James and Green, Jane and Milazzo, Caitlin},
  year = {2012},
  volume = {31},
  pages = {643--655},
  publisher = {{Elsevier}},
  file = {C\:\\Users\\robly\\Zotero\\storage\\PTW8MHBI\\Adams et al. - 2012 - Who moves Elite and mass-level depolarization in .pdf},
  journal = {Electoral Studies},
  number = {4}
}

@article{adler1997,
  title = {Demand-Side Theory and Congressional Committee Composition: {{A}} Constituency Characteristics Cpproach},
  author = {Adler, E Scott and Lapinski, John S},
  year = {1997},
  pages = {895--918},
  publisher = {{JSTOR}},
  journal = {American Journal of Political Science}
}

@book{ahler2015,
  title = {Donald Trump Is a Textbook Example of an Ideological Moderate},
  author = {Ahler, Doug and Broockman, David},
  editor = {Post, The Washington},
  year = {2015},
  month = dec
}

@article{ahler2018,
  title = {The Delegate Paradox: Why Polarized Politicians Can Represent Citizens Best},
  author = {Ahler, Douglas J and Broockman, David E},
  year = {2018},
  volume = {80},
  pages = {1117--1133},
  publisher = {{University of Chicago Press Chicago, IL}},
  journal = {The Journal of Politics},
  number = {4}
}

@article{ahler2018a,
  title = {The Parties in Our Heads: Misperceptions about Party Composition and Their Consequences},
  author = {Ahler, Douglas J and Sood, Gaurav},
  year = {2018},
  volume = {80},
  pages = {964--981},
  publisher = {{University of Chicago Press Chicago, IL}},
  journal = {The Journal of Politics},
  number = {3}
}

@book{aldrich1995,
  title = {Why Parties?: The Origin and Transformation of Political Parties in America},
  author = {Aldrich, John H},
  year = {1995},
  publisher = {{University of Chicago Press}}
}

@book{arnold1990,
  title = {The Logic of Congressional Action},
  author = {Arnold, R Douglas},
  year = {1990},
  publisher = {{Yale University Press}}
}

@article{austen-smith1994,
  title = {Counteractive Lobbying},
  author = {{Austen-Smith}, David and Wright, John R},
  year = {1994},
  volume = {38},
  pages = {25--44},
  journal = {American Journal of Political Science},
  number = {1}
}

@article{azari2016,
  title = {Weak Parties and Strong Partisanship Are a Bad Combination},
  author = {Azari, Julia},
  year = {2016},
  journal = {Mischiefs of Faction}
}

@book{azari2017,
  title = {Opinion | Is the Democratic Party Becoming Too Democratic? - The New York Times},
  author = {Azari, Julia and Masket, Seth},
  year = {2017},
  month = dec
}

@article{bafumi2010,
  title = {Leapfrog Representation and Extremism: {{A}} Study of American Voters and Their Members in Congress},
  author = {Bafumi, Joseph and Herron, Michael C},
  year = {2010},
  volume = {104},
  pages = {519--542},
  publisher = {{Cambridge University Press}},
  journal = {American Political Science Review},
  number = {3}
}

@article{bankert2017,
  title = {Measuring Partisanship as a Social Identity in Multi-Party Systems},
  author = {Bankert, Alexa and Huddy, Leonie and Rosema, Martin},
  year = {2017},
  volume = {39},
  pages = {103--132},
  publisher = {{Springer}},
  journal = {Political behavior},
  number = {1}
}

@article{bankertforthcoming,
  title = {The Authoritarian Divide in the Democratic Party},
  author = {Bankert, Alexa},
  year = {forthcoming},
  journal = {Working Paper}
}

@article{barber2016,
  title = {Donation Motivations: Testing Theories of Access and Ideology},
  author = {Barber, Michael},
  year = {2016},
  volume = {69},
  pages = {148--159},
  publisher = {{SAGE Publications Sage CA: Los Angeles, CA}},
  journal = {Political Research Quarterly},
  number = {1}
}

@article{bawn2012,
  title = {A Theory of Political Parties: Groups, Policy Demands and Nominations in American Politics},
  author = {Bawn, Kathleen and Cohen, Martin and Karol, David and Masket, Seth and Noel, Hans and Zaller, John},
  year = {2012},
  pages = {571--597},
  publisher = {{JSTOR}},
  journal = {Perspectives on Politics}
}

@book{blum2020,
  title = {How the Tea Party Captured the {{GOP}}: Insurgent Factions in American Politics},
  author = {Blum, Rachel M},
  year = {2020},
  publisher = {{University of Chicago Press}}
}

@article{brewer2001,
  title = {The Many Faces of Socialidentity: Implications for Political Psychology},
  author = {Brewer, Marilynn B},
  year = {2001},
  volume = {22},
  pages = {115--125},
  publisher = {{Wiley Online Library}},
  journal = {Political psychology},
  number = {1}
}

@book{buchanan1965,
  title = {The Calculus of Consent: Logical Foundations of Constitutional Democracy},
  author = {Buchanan, James M and Tullock, Gordon},
  year = {1965},
  volume = {100},
  publisher = {{University of Michigan press}}
}

@article{butler2016,
  title = {Recruitment and Perceptions of Gender Bias in Party Leader Support},
  author = {Butler, Daniel M and Preece, Jessica Robinson},
  year = {2016},
  volume = {69},
  pages = {842--851},
  publisher = {{SAGE Publications Sage CA: Los Angeles, CA}},
  journal = {Political Research Quarterly},
  number = {4}
}

@article{butler2018,
  title = {On the Limits of Officials' Ability to Change Citizens' Priorities: {{A}} Field Experiment in Local Politics},
  author = {Butler, Daniel M and Hassell, Hans JG and others},
  year = {2018},
  volume = {112},
  pages = {860--873},
  publisher = {{Cambridge University Press}},
  journal = {American Political Science Review},
  number = {4}
}

@book{campbell1960,
  title = {The American Voter},
  author = {Campbell, Angus and Converse, Philip E. and Miller, Warren E. and Stokes, Donald E.},
  year = {1960},
  publisher = {{University of Chicago Press}}
}

@article{clarke2017,
  title = {Party Sub-Brands and American Party Factions},
  author = {Clarke, Andrew J},
  year = {2017},
  publisher = {{Wiley Online Library}},
  journal = {American Journal of Political Science}
}

@book{cohen2009,
  title = {The Party Decides: Presidential Nominations before and after Reform},
  author = {Cohen, Marty and Karol, David and Noel, Hans and Zaller, John},
  year = {2009},
  publisher = {{University of Chicago Press}}
}

@article{cohen2016,
  title = {Party versus Faction in the Reformed Presidential Nominating System},
  author = {Cohen, Marty and Karol, David and Noel, Hans and Zaller, John},
  year = {2016},
  volume = {49},
  pages = {701--708},
  publisher = {{Cambridge University Press}},
  journal = {PS: Political Science \& Politics},
  number = {4}
}

@article{converse1964,
  title = {The Nature of Belief Systems in Mass Publics.},
  author = {Converse, Philip},
  year = {1964},
  pages = {206--61},
  publisher = {{The Free Press of Glencoe, New York}},
  journal = {Ideology and discontent}
}

@article{cottrol1994,
  title = {Never Intended to Be Applied to the White Population: Firearms Regulation and Racial Disparity-the Redeemed South's Legacy to a National Jurisprudence},
  author = {Cottrol, Robert J and Diamond, Raymond T},
  year = {1994},
  volume = {70},
  pages = {1307},
  publisher = {{HeinOnline}},
  journal = {Chi.-Kent L. Rev.}
}

@book{cox2005,
  title = {Setting the Agenda: Responsible Party Government in the {{US}} House of Representatives},
  author = {Cox, Gary W and McCubbins, Mathew D},
  year = {2005},
  publisher = {{Cambridge University Press}}
}

@article{crowder-meyer2018,
  title = {Can't Buy Them Love: How Party Culture among Donors Contributes to the Party Gap in Women's Representation},
  author = {{Crowder-Meyer}, Melody and Cooperman, Rosalyn},
  year = {2018},
  volume = {80},
  pages = {1211--1224},
  publisher = {{University of Chicago Press Chicago, IL}},
  journal = {The Journal of Politics},
  number = {4}
}

@book{dalton2002,
  title = {Parties without Partisans: Political Change in Advanced Industrial Democracies},
  author = {Dalton, Russell J and Wattenberg, Martin P},
  year = {2002},
  publisher = {{Oxford University Press on Demand}}
}

@incollection{delange2007,
  title = {A New Winning Formula? {{The}} Programmatic Appeal of the Radical Right},
  booktitle = {The {{Populist Radical Right}} (2016)},
  author = {De Lange, Sarah L},
  year = {2007},
  pages = {101--120},
  publisher = {{Routledge}}
}

@article{denzau1986,
  title = {Legislators and Interest Groups: How Unorganized Interests Get Represented},
  author = {Denzau, Arthur T and Munger, Michael C},
  year = {1986},
  pages = {89--106},
  publisher = {{JSTOR}},
  journal = {The American Political Science Review}
}

@article{desmarais,
  title = {La Raja, and Michael {{S}}. Kowal. 2015.``the Fates of Challengers in {{US}} House Elections: The Role of Extended Party Networks in Supporting Candidates and Shaping Electoral Outcomes.''},
  author = {Desmarais, Bruce A and Raymond, J},
  volume = {59},
  pages = {194--211},
  journal = {American Journal of Political Science},
  number = {1}
}

@article{desmarais2015,
  title = {The Fates of Challengers in {{US}} House Elections: The Role of Extended Party Networks in Supporting Candidates and Shaping Electoral Outcomes},
  author = {Desmarais, Bruce A and La Raja, Raymond J and Kowal, Michael S},
  year = {2015},
  volume = {59},
  pages = {194--211},
  publisher = {{Wiley Online Library}},
  journal = {American Journal of Political Science},
  number = {1}
}

@article{do2017,
  title = {One Mandarin Benefits the Whole Clan: Hometown Favoritism in an Authoritarian Regime},
  author = {Do, Quoc-Anh and Nguyen, Kieu-Trang and Tran, Anh N},
  year = {2017},
  volume = {9},
  pages = {1--29},
  journal = {American Economic Journal: Applied Economics},
  number = {4}
}

@article{doherty2014,
  title = {7 Things to Know about Polarization in America},
  author = {Doherty, Carroll},
  year = {2014},
  journal = {Pew Research Center}
}

@article{downs1957,
  title = {An Economic Theory of Democracy},
  author = {Downs, Anthony and others},
  year = {1957},
  publisher = {{New York}}
}

@article{druckman2013,
  title = {How Elite Partisan Polarization Affects Public Opinion Formation},
  author = {Druckman, James N and Peterson, Erik and Slothuus, Rune},
  year = {2013},
  volume = {107},
  pages = {57--79},
  publisher = {{Cambridge University Press}},
  journal = {American Political Science Review},
  number = {1}
}

@article{dyck2018,
  title = {Primary Distrust: Political Distrust and Support for the Insurgent Candidacies of Donald Trump and Bernie Sanders in the 2016 Primary},
  author = {Dyck, Joshua J and {Pearson-Merkowitz}, Shanna and Coates, Michael},
  year = {2018},
  volume = {51},
  pages = {351--357},
  publisher = {{Cambridge University Press}},
  journal = {PS: Political Science \& Politics},
  number = {2}
}

@book{ellis2012,
  title = {Ideology in America},
  author = {Ellis, Christopher and Stimson, James A},
  year = {2012},
  publisher = {{Cambridge University Press}}
}

@article{elwert2014,
  title = {Endogenous Selection Bias: The Problem of Conditioning on a Collider Variable},
  author = {Elwert, Felix and Winship, Christopher},
  year = {2014},
  volume = {40},
  pages = {31--53},
  publisher = {{Annual Reviews}},
  journal = {Annual review of sociology}
}

@article{enos2016,
  title = {What the Demolition of Public Housing Teaches Us about the Impact of Racial Threat on Political Behavior},
  author = {Enos, Ryan D},
  year = {2016},
  volume = {60},
  pages = {123--142},
  publisher = {{Wiley Online Library}},
  journal = {American Journal of Political Science},
  number = {1}
}

@book{erikson2002,
  title = {The Macro Polity},
  author = {Erikson, Robert S and MacKuen, Michael B and Stimson, James A},
  year = {2002},
  publisher = {{Cambridge University Press}}
}

@book{euractiv.com2019,
  title = {Increasing Number of `Yellow Vest' Lists for European Elections},
  editor = {{euractiv.com}},
  year = {2019},
  month = feb
}

@article{fanoulis2018,
  title = {The {{EU}}'s Democratization Discourse and Questions of European Identification},
  author = {Fanoulis, Evangelos},
  year = {2018},
  volume = {56},
  pages = {1362--1375},
  publisher = {{Wiley Online Library}},
  journal = {JCMS: Journal of Common Market Studies},
  number = {6}
}

@article{ferraro2009,
  title = {Cumulative Inequality Theory for Research on Aging and the Life Course.},
  author = {Ferraro, Kenneth F and Shippee, Tetyana Pylypiv and Schafer, Markus H},
  year = {2009},
  publisher = {{Springer Publishing Co}}
}

@article{filindra2016,
  title = {Racial Resentment and Whites' Gun Policy Preferences in Contemporary America},
  author = {Filindra, Alexandra and Kaplan, Noah J},
  year = {2016},
  volume = {38},
  pages = {255--275},
  publisher = {{Springer}},
  journal = {Political behavior},
  number = {2}
}

@article{fiorina2005,
  title = {Culture War? {{The}} Myth of a Polarized America},
  author = {Fiorina, Morris P and Abrams, Samuel J and Pope, Jeremy C},
  year = {2005},
  edition = {Third},
  publisher = {{Pearson-Longman}},
  journal = {The myth of a polarized America}
}

@book{fiorina2012,
  title = {Disconnect: The Breakdown of Representation in American Politics},
  author = {Fiorina, Morris P and Abrams, Samuel J},
  year = {2012},
  volume = {11},
  publisher = {{University of Oklahoma Press}}
}

@article{fraga2018,
  title = {Are Minority and Women Candidates Penalized by Party Politics? {{Race}}, Gender, and Access to Party Support},
  author = {Fraga, Bernard L and Hassell, Hans JG},
  year = {2018},
  pages = {1065912920913326},
  publisher = {{SAGE Publications Sage CA: Los Angeles, CA}},
  journal = {Political Research Quarterly}
}

@article{garrett2018,
  title = {The Moral Roots of Partisan Division: How Moral Conviction Heightens Affective Polarization},
  author = {Garrett, Kristin N and Bankert, Alexa},
  year = {2018},
  pages = {1--20},
  publisher = {{Cambridge University Press}},
  journal = {British Journal of Political Science}
}

@article{garry2007,
  title = {Making `Party Identification' More Versatile: Operationalising the Concept for the Multiparty Setting},
  author = {Garry, John},
  year = {2007},
  volume = {26},
  pages = {346--358},
  publisher = {{Elsevier}},
  journal = {Electoral Studies},
  number = {2}
}

@article{gilens2009,
  title = {Preference Gaps and Inequality in Representation},
  author = {Gilens, Martin},
  year = {2009},
  pages = {335--341},
  publisher = {{JSTOR}},
  journal = {PS: Political Science and Politics}
}

@article{gilens2014,
  title = {Testing Theories of American Politics: Elites, Interest Groups, and Average Citizens},
  author = {Gilens, Martin and Page, Benjamin I},
  year = {2014},
  volume = {12},
  pages = {564--581},
  publisher = {{Cambridge University Press}},
  journal = {Perspectives on politics},
  number = {3}
}

@article{gilliamjr2000,
  title = {Prime Suspects: The Influence of Local Television News on the Viewing Public},
  author = {Gilliam Jr, Franklin D and Iyengar, Shanto},
  year = {2000},
  pages = {560--573},
  publisher = {{JSTOR}},
  journal = {American Journal of Political Science}
}

@article{goldstein2017,
  title = {Cities as Lobbyists},
  author = {Goldstein, Rebecca and You, Hye Young},
  year = {2017},
  volume = {61},
  pages = {864--876},
  publisher = {{Wiley Online Library}},
  journal = {American Journal of Political Science},
  number = {4}
}

@article{gomez2006,
  title = {Rethinking Symbolic Racism: Evidence of Attribution Bias},
  author = {Gomez, Brad T and Wilson, J Matthew},
  year = {2006},
  volume = {68},
  pages = {611--625},
  publisher = {{Cambridge University Press New York, USA}},
  journal = {The Journal of Politics},
  number = {3}
}

@article{griffin2004,
  title = {Interregnum or Endgame?},
  author = {Griffin, Roger},
  year = {2004},
  pages = {116},
  publisher = {{Routledge}},
  journal = {Reassessing Political Ideologies: The Durability of Dissent}
}

@book{grossmann2016,
  title = {Asymmetric Politics: Ideological Republicans and Group Interest Democrats},
  author = {Grossmann, Matt and Hopkins, David A},
  year = {2016},
  publisher = {{Oxford University Press}}
}

@article{hall1990,
  title = {Buying Time: Moneyed Interests and the Mobilization of Bias in Congressional Committees},
  author = {Hall, Richard L and Wayman, Frank W},
  year = {1990},
  volume = {84},
  pages = {797--820},
  publisher = {{Cambridge University Press}},
  journal = {American political science review},
  number = {3}
}

@article{hall2006,
  title = {Lobbying as Legislative Subsidy},
  author = {Hall, Richard L and Deardorff, Alan V},
  year = {2006},
  pages = {69--84},
  publisher = {{JSTOR}},
  journal = {American Political Science Review}
}

@article{harbridge2014,
  title = {Public Preferences for Bipartisanship in the Policymaking Process},
  author = {Harbridge, Laurel and Malhotra, Neil and Harrison, Brian F},
  year = {2014},
  volume = {39},
  pages = {327--355},
  publisher = {{Wiley Online Library}},
  journal = {Legislative Studies Quarterly},
  number = {3}
}

@article{harmon-jones2013,
  title = {Does Negative Affect Always Narrow and Positive Affect Always Broaden the Mind? {{Considering}} the Influence of Motivational Intensity on Cognitive Scope},
  author = {{Harmon-Jones}, Eddie and Gable, Philip A and Price, Tom F},
  year = {2013},
  volume = {22},
  pages = {301--307},
  publisher = {{Sage Publications Sage CA: Los Angeles, CA}},
  journal = {Current Directions in Psychological Science},
  number = {4}
}

@article{hassan2017,
  title = {The Strategic Shuffle: Ethnic Geography, the Internal Security Apparatus, and Elections in Kenya},
  author = {Hassan, Mai},
  year = {2017},
  volume = {61},
  pages = {382--395},
  publisher = {{Wiley Online Library}},
  journal = {American Journal of Political Science},
  number = {2}
}

@article{hassell2016,
  title = {Party Control of Party Primaries: Party Influence in Nominations for the {{US}} Senate},
  author = {Hassell, Hans JG},
  year = {2016},
  volume = {78},
  pages = {75--87},
  publisher = {{University of Chicago Press Chicago, IL}},
  journal = {The Journal of Politics},
  number = {1}
}

@book{hassell2017,
  title = {The Party's Primary: Control of Congressional Nominations},
  author = {Hassell, Hans JG},
  year = {2017},
  publisher = {{Cambridge University Press}}
}

@article{hassell2019,
  title = {The Party's Primary Preferences: Race, Gender, and Party Support of Congressional Primary Candidates},
  author = {Hassell, Hans JG and Visalvanich, Neil},
  year = {2019},
  volume = {63},
  pages = {905--919},
  publisher = {{Wiley Online Library}},
  journal = {American Journal of Political Science},
  number = {4}
}

@article{hassell2020,
  title = {Congressional Behavior: The Electoral Party Connection},
  author = {Hassell, Hans JG and Ballard, Andrew O},
  year = {2020},
  publisher = {{Working Paper}},
  journal = {Working Paper}
}

@article{hayes2017,
  title = {The Symbolic Benefits of Descriptive and Substantive Representation},
  author = {Hayes, Matthew and Hibbing, Matthew V},
  year = {2017},
  volume = {39},
  pages = {31--50},
  publisher = {{Springer}},
  journal = {Political Behavior},
  number = {1}
}

@article{hojnacki1998,
  title = {Organized Interests and the Decision of Whom to Lobby in Congress},
  author = {Hojnacki, Marie and Kimball, David C},
  year = {1998},
  volume = {92},
  pages = {775--790},
  publisher = {{Cambridge University Press}},
  journal = {American Political Science Review},
  number = {4}
}

@article{iyengar2012,
  title = {Affect, Not Ideology: A Social Identity Perspective on Polarization},
  author = {Iyengar, Shanto and Sood, Gaurav and Lelkes, Yphtach},
  year = {2012},
  volume = {76},
  pages = {405--431},
  publisher = {{Oxford University Press}},
  journal = {Public opinion quarterly},
  number = {3}
}

@article{iyengar2018,
  title = {The Strengthening of Partisan Affect},
  author = {Iyengar, Shanto and Krupenkin, Masha},
  year = {2018},
  volume = {39},
  pages = {201--218},
  publisher = {{Wiley Online Library}},
  journal = {Political Psychology}
}

@article{jacobson2010,
  title = {A Collective Dilemma Solved: The Distribution of Party Campaign Resources in the 2006 and 2008 Congressional Elections},
  author = {Jacobson, Gary C},
  year = {2010},
  volume = {9},
  pages = {381--397},
  publisher = {{Mary Ann Liebert, Inc. 140 Huguenot Street, 3rd Floor New Rochelle, NY 10801 \ldots}},
  journal = {Election Law Journal},
  number = {4}
}

@article{jacobson2015,
  title = {It's Nothing Personal: The Decline of the Incumbency Advantage in {{US}} House Elections},
  author = {Jacobson, Gary C},
  year = {2015},
  volume = {77},
  pages = {861--873},
  publisher = {{University of Chicago Press Chicago, IL}},
  journal = {The Journal of Politics},
  number = {3}
}

@book{jacobson2019,
  title = {The Politics of Congressional Elections},
  author = {Jacobson, Gary C and Carson, Jamie L},
  year = {2019},
  publisher = {{Rowman \& Littlefield}}
}

@article{jillson1987,
  title = {A Social Choice Model of Politics: Insights into the Demise of the {{US}} Continental Congress},
  author = {Jillson, Calvin C and Wilson, Rick K},
  year = {1987},
  pages = {5--32},
  publisher = {{JSTOR}},
  journal = {Legislative Studies Quarterly}
}

@article{johnston2017,
  title = {A Re-Dividing Nation? {{A}} Newly Polarised Electoral Geography of Great Britain},
  author = {Johnston, Ron and Pattie, Charles and Rossiter, David},
  year = {2017},
  volume = {12},
  pages = {521--535},
  publisher = {{Springer}},
  journal = {British Politics},
  number = {4}
}

@article{jurkowitz2020,
  title = {U.{{S}}. Media Polarization and the 2020 Election: {{A}} Nation Divided},
  author = {Jurkowitz, Mark and Mitchell, Amy and Shearer, Elisa and Walker, Mason},
  year = {2020},
  journal = {Pew Research Center}
}

@article{kalla2016,
  title = {Campaign Contributions Facilitate Access to Congressional Officials: {{A}} Randomized Field Experiment},
  author = {Kalla, Joshua L and Broockman, David E},
  year = {2016},
  volume = {60},
  pages = {545--558},
  publisher = {{Wiley Online Library}},
  journal = {American Journal of Political Science},
  number = {3}
}

@article{karlsson2018,
  title = {The Alleged Opposition Deficit in European Union Politics: Myth or Reality?},
  author = {Karlsson, Christer and Persson, Thomas},
  year = {2018},
  volume = {56},
  pages = {888--905},
  publisher = {{Wiley Online Library}},
  journal = {JCMS: Journal of Common Market Studies},
  number = {4}
}

@book{key1966,
  title = {The Responsible Electorate},
  author = {Key, Valdimer Orlando and others},
  year = {1966},
  publisher = {{Harvard University Press Cambridge, MA}}
}

@book{keyjr1949,
  title = {Southern Politics},
  author = {Key Jr, Valdimer O},
  year = {1949}
}

@article{kim2013,
  title = {Money, Reputation, and Incumbency in {{US}} House Elections, or Why Marginals Have Become More Expensive},
  author = {Kim, Henry A and LeVeck, Brad L},
  year = {2013},
  volume = {107},
  pages = {492--504},
  publisher = {{Cambridge University Press}},
  journal = {American Political Science Review},
  number = {3}
}

@article{kinder1981,
  title = {Prejudice and Politics: Symbolic Racism versus Racial Threats to the Good Life.},
  author = {Kinder, Donald R and Sears, David O},
  year = {1981},
  volume = {40},
  pages = {414},
  publisher = {{American Psychological Association}},
  journal = {Journal of personality and social psychology},
  number = {3}
}

@book{kitschelt1995,
  title = {The Radical Right in Western Europe: {{A}} Comparative Analysis},
  author = {Kitschelt, Herbert and McGann, Anthony},
  year = {1995}
}

@article{kitschelt2007,
  title = {Growth and Persistence of the Radical Right in Postindustrial Democracies: Advances and Challenges in Comparative Research},
  author = {Kitschelt, Herbert},
  year = {2007},
  volume = {30},
  pages = {1176--1206},
  publisher = {{Taylor \& Francis}},
  journal = {West European Politics},
  number = {5}
}

@book{klandermans2005,
  title = {Extreme Right Activists in Europe: Through the Magnifying Glass},
  author = {Klandermans, Bert and Mayer, Nonna},
  year = {2005},
  publisher = {{Routledge}},
  chapter = {Recruitment and experiences}
}

@book{klar2016,
  title = {Independent Politics},
  author = {Klar, Samara and Krupnikov, Yanna},
  year = {2016},
  publisher = {{Cambridge University Press}}
}

@article{klar2018,
  title = {Affective Polarization or Partisan Disdain? {{Untangling}} a Dislike for the Opposing Party from a Dislike of Partisanship},
  author = {Klar, Samara and Krupnikov, Yanna and Ryan, John Barry},
  year = {2018},
  volume = {82},
  pages = {379--390},
  publisher = {{Oxford University Press US}},
  journal = {Public Opinion Quarterly},
  number = {2}
}

@article{kleck1996,
  title = {Crime, Culture Conflict and the Sources of Support for Gun Control: {{A}} Multilevel Application of the General Social Surveys},
  author = {Kleck, Gary},
  year = {1996},
  volume = {39},
  pages = {387--404},
  publisher = {{Sage Publications Thousand Oaks}},
  journal = {American Behavioral Scientist},
  number = {4}
}

@article{kleck2011,
  title = {The Effect of Perceived Risk and Victimization on Plans to Purchase a Gun for Self-Protection},
  author = {Kleck, Gary and Kovandzic, Tomislav and Saber, Mark and Hauser, Will},
  year = {2011},
  volume = {39},
  pages = {312--319},
  publisher = {{Elsevier}},
  journal = {Journal of Criminal Justice},
  number = {4}
}

@article{kluver2016,
  title = {Setting the Agenda or Responding to Voters? {{Political}} Parties, Voters and Issue Attention},
  author = {Kl{\"u}ver, Heike and Sagarzazu, I{\~n}aki},
  year = {2016},
  volume = {39},
  pages = {380--398},
  publisher = {{Taylor \& Francis}},
  journal = {West European Politics},
  number = {2}
}

@article{kousser2015,
  title = {Kingmakers or Cheerleaders? {{Party}} Power and the Causal Effects of Endorsements},
  author = {Kousser, Thad and Lucas, Scott and Masket, Seth and McGhee, Eric},
  year = {2015},
  volume = {68},
  pages = {443--456},
  publisher = {{SAGE Publications Sage CA: Los Angeles, CA}},
  journal = {Political Research Quarterly},
  number = {3}
}

@book{krehbiel1992,
  title = {Information and Legislative Organization},
  author = {Krehbiel, Keith},
  year = {1992},
  publisher = {{University of Michigan Press}}
}

@article{lacombe2019,
  title = {The Political Weaponization of Gun Owners: The National Rifle Association's Cultivation, Dissemination, and Use of a Group Social Identity},
  author = {Lacombe, Matthew J},
  year = {2019},
  volume = {81},
  pages = {1342--1356},
  publisher = {{The University of Chicago Press Chicago, IL}},
  journal = {The Journal of Politics},
  number = {4}
}

@book{lau2006,
  title = {How Voters Decide: Information Processing in Election Campaigns},
  author = {Lau, Richard R and Redlawsk, David P},
  year = {2006},
  publisher = {{Cambridge University Press}}
}

@book{lee2020,
  title = {Looking for Obama's Hidden Hand in Candidates Coalescing around Biden},
  author = {Lee, Carol and Welker, Kristen and Lederman, Josh and Golden, Amanda},
  year = {Maarch 2020}
}

@book{lenz2013,
  title = {Follow the Leader?: How Voters Respond to Politicians' Policies and Performance},
  author = {Lenz, Gabriel S},
  year = {2013},
  publisher = {{University of Chicago Press}}
}

@book{levendusky2009,
  title = {The Partisan Sort: How Liberals Became Democrats and Conservatives Became Republicans},
  author = {Levendusky, Matthew},
  year = {2009},
  publisher = {{University of Chicago Press}}
}

@article{lytle2020,
  title = {Intra-Party Affect''},
  author = {Lytle, Robert},
  year = {2020},
  journal = {Working Paper}
}

@article{malesky2011,
  title = {The Single-Party Dictator's Dilemma: Information in Elections without Opposition},
  author = {Malesky, Edmund and Schuler, Paul},
  year = {2011},
  volume = {36},
  pages = {491--530},
  publisher = {{Wiley Online Library}},
  journal = {Legislative Studies Quarterly},
  number = {4}
}

@article{malka2010,
  title = {More than Ideology: {{Conservative}}\textendash{{Liberal}} Identity and Receptivity to Political Cues},
  author = {Malka, Ariel and Lelkes, Yphtach},
  year = {2010},
  volume = {23},
  pages = {156--188},
  publisher = {{Springer}},
  journal = {Social Justice Research},
  number = {2-3}
}

@article{manento2021,
  title = {In Party We Trust? {{Voter}} Support for Party-Backed Candidates in Primary Elections},
  author = {Manento, Cory and Testa, Paul F},
  year = {2021},
  pages = {1--24},
  publisher = {{Springer}},
  journal = {Political Behavior}
}

@book{masket2020,
  title = {Learning from Loss: The Democrats, 2016\textendash 2020},
  author = {Masket, Seth},
  year = {2020},
  publisher = {{Cambridge University Press}}
}

@article{mason2018,
  title = {Ideologues without Issues: The Polarizing Consequences of Ideological Identities},
  author = {Mason, Lilliana},
  year = {2018},
  volume = {82},
  pages = {866--887},
  publisher = {{Oxford University Press US}},
  journal = {Public Opinion Quarterly},
  number = {S1}
}

@article{mason2018a,
  title = {Ideologues without Issues: The Polarizing Consequences of Ideological Identities},
  author = {Mason, Lilliana},
  year = {2018},
  volume = {82},
  pages = {866--887},
  publisher = {{Oxford University Press US}},
  journal = {Public Opinion Quarterly},
  number = {S1}
}

@book{mayhew1974,
  title = {Congress: The Electoral Connection},
  author = {Mayhew, David R},
  year = {1974},
  volume = {26},
  publisher = {{Yale University Press}}
}

@book{mcclosky1984,
  title = {The American Ethos: Public Attitudes toward Capitalism and Democracy},
  author = {McClosky, Herbert and Zaller, John},
  year = {1984},
  publisher = {{Harvard Univ Pr}}
}

@book{melzer2009,
  title = {Gun Crusaders: The {{NRA}}'s Culture War},
  author = {Melzer, Scott},
  year = {2009},
  publisher = {{NYU Press}}
}

@book{menefee-libey2000,
  title = {The Triumph of Campaign-Centered Politics},
  author = {{Menefee-Libey}, David},
  year = {2000},
  publisher = {{CQ Press}}
}

@book{morgan2015,
  title = {Counterfactuals and Causal Inference},
  author = {Morgan, Stephen L and Winship, Christopher},
  year = {2015},
  publisher = {{Cambridge University Press}}
}

@book{mudde2016,
  title = {The Populist Radical Right: A Reader},
  author = {Mudde, Cas},
  year = {2016},
  publisher = {{Taylor \& Francis}}
}

@article{mutz2007,
  title = {Effects of ``in-Your-Face'' Television Discourse on Perceptions of a Legitimate Opposition},
  author = {Mutz, Diana C},
  year = {2007},
  volume = {101},
  pages = {621--635},
  publisher = {{Cambridge University Press}},
  journal = {American Political Science Review},
  number = {4}
}

@book{narea2020,
  title = {Latino Voters Might Have Saved Bernie Sanders's Campaign},
  author = {Narea, Nicole},
  year = {2020},
  month = mar,
  publisher = {{Vox}},
  journal = {Vox}
}

@book{noel2014,
  title = {Political Ideologies and Political Parties in America},
  author = {Noel, Hans},
  year = {2014},
  publisher = {{Cambridge University Press}}
}

@article{noel2016,
  title = {Ideological Factions in the Republican and Democratic Parties},
  author = {Noel, Hans},
  year = {2016},
  volume = {667},
  pages = {166--188},
  publisher = {{Sage Publications Sage CA: Los Angeles, CA}},
  journal = {The ANNALS of the American Academy of Political and Social Science},
  number = {1}
}

@article{ocampo2019,
  title = {Many Are Called but Few Are Chosen: The Emergence of Latino Congressional Candidates},
  author = {Ocampo, Angela X and Ray, John},
  year = {2019},
  publisher = {{Taylor \& Francis}},
  journal = {Politics, Groups, and Identities}
}

@book{olson1965,
  title = {Logic of Collective Action: Public Goods and the Theory of Groups},
  author = {Olson, Mancur},
  year = {1965},
  publisher = {{Harvard University Press}}
}

@book{ostrom1990,
  title = {Governing the Commons: The Evolution of Institutions for Collective Action},
  author = {Ostrom, Elinor},
  year = {1990},
  publisher = {{Cambridge university press}}
}

@article{pan2018,
  title = {Concealing Corruption: How Chinese Officials Distort Upward Reporting of Online Grievances},
  author = {Pan, Jennifer and Chen, Kaiping},
  year = {2018},
  volume = {112},
  pages = {602--620},
  publisher = {{Cambridge University Press}},
  journal = {American Political Science Review},
  number = {3}
}

@article{peterson2018,
  title = {Echo Chambers and Partisan Polarization: Evidence from the 2016 Presidential Campaign},
  author = {Peterson, Erik and Goel, Sharad and Iyengar, Shanto},
  year = {2018},
  journal = {Working Paper. https://pcl.stanford.edu/research/2017/peterson-echo-chambers.pdf}
}

@article{poole1985,
  title = {A Spatial Model for Legislative Roll Call Analysis},
  author = {Poole, Keith T and Rosenthal, Howard},
  year = {1985},
  pages = {357--384},
  publisher = {{JSTOR}},
  journal = {American Journal of Political Science}
}

@book{research2020,
  title = {Most Democrats Are Excited by 'several' 2020 Candidates - Not Just Their Top Choice},
  author = {Research, Pew},
  year = {2020},
  month = aug,
  publisher = {{Pew Research Center}},
  journal = {Pew Research Center - U.S. Politics \& Policy}
}

@article{reuning2020,
  title = {Mapping Influence: Partisan Networks across the United States, 2000 to 2016},
  author = {Reuning, Kevin},
  year = {2020},
  volume = {20},
  pages = {267--291},
  publisher = {{SAGE Publications Sage CA: Los Angeles, CA}},
  journal = {State Politics \& Policy Quarterly},
  number = {3}
}

@article{rhodes2018,
  title = {Detecting and Understanding Donor Strategies in Midterm Elections},
  author = {Rhodes, Jesse H and Schaffner, Brian F and La Raja, Raymond J},
  year = {2018},
  volume = {71},
  pages = {503--516},
  publisher = {{SAGE Publications Sage CA: Los Angeles, CA}},
  journal = {Political Research Quarterly},
  number = {3}
}

@article{riker1968,
  title = {A Theory of the Calculus of Voting},
  author = {Riker, William H and Ordeshook, Peter C},
  year = {1968},
  volume = {62},
  pages = {25--42},
  publisher = {{Cambridge University Press}},
  journal = {American Political Science Review},
  number = {1}
}

@book{rohde1991,
  title = {Parties and Leaders in the Postreform House},
  author = {Rohde, David W},
  year = {1991},
  publisher = {{University of Chicago Press}}
}

@article{shadish2002,
  title = {Experimental and Quasi-Experimental Designs for Generalized Causal Inference},
  author = {Shadish, William R and Cook, Thomas D and Campbell, Donald T},
  year = {2002},
  publisher = {{Boston: Houghton Mifflin}}
}

@article{simonson2016,
  title = {Copwatching},
  author = {Simonson, Jocelyn},
  year = {2016},
  volume = {104},
  pages = {391},
  publisher = {{HeinOnline}},
  journal = {California Law Review}
}

@article{soroka2008,
  title = {On the Limits to Inequality in Representation},
  author = {Soroka, Stuart N and Wlezien, Christopher},
  year = {2008},
  volume = {41},
  pages = {319--327},
  publisher = {{JSTOR}},
  journal = {PS: Political Science and Politics},
  number = {2}
}

@article{spoon2015,
  title = {Voter Polarisation and Party Responsiveness: Why Parties Emphasise Divided Issues, but Remain Silent on Unified Issues},
  author = {Spoon, Jae-Jae and Kl{\"u}ver, Heike},
  year = {2015},
  volume = {54},
  pages = {343--362},
  publisher = {{Wiley Online Library}},
  file = {C\:\\Users\\robly\\Zotero\\storage\\PBVVX2ZH\\Spoon and Klüver - 2015 - Voter polarisation and party responsiveness why p.pdf},
  journal = {European Journal of Political Research},
  number = {2}
}

@article{spoon2017,
  title = {Does Anybody Notice? {{How}} Policy Positions of Coalition Parties Are Perceived by Voters},
  author = {Spoon, Jae-Jae and Kl{\"u}ver, Heike},
  year = {2017},
  volume = {56},
  pages = {115--132},
  publisher = {{Wiley Online Library}},
  journal = {European Journal of Political Research},
  number = {1}
}

@article{spoon2017a,
  title = {It Takes Two: How Eurosceptic Public Opinion and Party Divisions Influence Party Positions},
  author = {Spoon, Jae-Jae and Williams, Christopher},
  year = {2017},
  volume = {40},
  pages = {741--762},
  publisher = {{Taylor \& Francis}},
  journal = {West European Politics},
  number = {4}
}

@book{studies2017,
  title = {The 1948\textendash 2016 {{ANES}} Cumulative Data File},
  author = {Studies, American National Election},
  year = {2017},
  publisher = {{Stanford University and the University of Michigan}}
}

@book{swain1995,
  title = {Black Faces, Black Interests: The Representation of African Americans in Congress},
  author = {Swain, Carol Miller},
  year = {1995},
  publisher = {{Harvard University Press}}
}

@book{theeconomist.com2019,
  title = {The Gilets Jaunes Are Forming Not One but Two Political Parties},
  editor = {{theeconomist.com}},
  year = {2019},
  month = jan
}

@book{thompson2020,
  title = {Bernie Sanders Is George {{McGovern}} - the Atlantic},
  author = {Thompson, Derek},
  year = {2020},
  month = feb
}

@book{thrus2020,
  title = {`Accelerate the Endgame': Obama's Role in Wrapping up the Primary - the New York Times},
  author = {Thrus, Glenn},
  year = {2020},
  month = apr
}

@article{voigtlander2012,
  title = {Persecution Perpetuated: The Medieval Origins of Anti-Semitic Violence in Nazi Germany},
  author = {Voigtl{\"a}nder, Nico and Voth, Hans-Joachim},
  year = {2012},
  volume = {127},
  pages = {1339--1392},
  publisher = {{MIT Press}},
  journal = {The Quarterly Journal of Economics},
  number = {3}
}

@book{volkens2018,
  title = {The Manifesto Data Collection. Manifesto Project ({{MRG}}/{{CMP}}/{{MARPOR}}). Version 2018b},
  author = {Volkens, Andrea and Krause, Werner and Lehmann, Pola and Matthie{\ss}, Theres and Merz, Nicolas and Regel, Sven and We{\ss}els, Bernhard},
  year = {2018},
  publisher = {{Wissenschaftszentrum Berlin f\"ur Sozialforschung}},
  address = {{Berlin}},
  doi = {10.25522/manifesto.mpds.2018b}
}

@article{wallace2016,
  title = {Juking the Stats? {{Authoritarian}} Information Problems in China},
  author = {Wallace, Jeremy L},
  year = {2016},
  volume = {46},
  pages = {11--29},
  publisher = {{Cambridge University Press}},
  journal = {British Journal of Political Science},
  number = {1}
}

@book{winkler2011,
  title = {Gunfight: The Battle over the Right to Bear Arms in America},
  author = {Winkler, Adam},
  year = {2011},
  publisher = {{WW Norton \& Company}}
}

@article{wronski2018,
  title = {A Tale of Two Democrats: How Authoritarianism Divides the Democratic Party},
  author = {Wronski, Julie and Bankert, Alexa and Amira, Karyn and Johnson, April A and Levitan, Lindsey C},
  year = {2018},
  volume = {80},
  pages = {1384--1388},
  publisher = {{University of Chicago Press Chicago, IL}},
  file = {C\:\\Users\\robly\\Zotero\\storage\\9SWPUSR9\\Wronski et al. - 2018 - A tale of two democrats how authoritarianism divi.pdf},
  journal = {The Journal of Politics},
  number = {4}
}

@book{zaller1992,
  title = {The Nature and Origins of Mass Opinion},
  author = {Zaller, John R and others},
  year = {1992},
  publisher = {{Cambridge university press}}
}


